%------------------------------------
% LIVROS

@misc{locationSystems2008,
  note =
    {
        Anthony LaMarca, Eyal de Lara. 
        Location Systems: An Introduction to the Technology Behind Location Awareness. Morgan \& Claypool, 2008
    }
}

@misc{handbookPositionLocation2012,
  note =
    {
        Reza Zekavat, R. Michael Buehrer
        Handbook of Position Location Theory, Practice, and Advances. John Wiley \& Sons, 2012
    }
}

@misc{machineLearning1997,
  note =
    {
        Tom M. Mitchell
        Machine Learning. McGraw-Hill Science/Engineering/Math, 1997
    }
}

@misc{patternRecognition1997,
  note =
    {
        Christopher M. Bishop
        Pattern Recognition and Machine Learning. Springer, 2006
    }
}

%------------------------------------
% ARTIGOS

@misc{surveyFingerprinting2016,
  note =
    {
        Quoc Duy Vo, De. Pradipta. 
        A Survey of Fingerprint-Based Outdoor Localization.
        IEEE Communications Surveys \& Tutorials, vol. 18, 2016
    }
}

@misc{taxonomyLocationServices2003,
  note =
    {
        Vasileios Zeimpekis, George Giaglis, George Lekakos.
        A Taxonomy of Indoor and Outdoor Positioning Techniques for Mobile Location Services.
        SIGecom Exchanges, vol. 3, 2003
    }
}

@misc{instanceBasedLearning1991,
  note =
    {
        D.W. Aha, D. Kibler, M.K. Albert.
        Instance-based learning algorithms.
        Mach Learn, vol. 6, 37, 1991
    }
}

@misc{wknn2004,
  note =
    {
        Klaus Hechenbichler, Klaus Schliep.
        Weighted k-Nearest-Neighbor Techniques and Ordinal Classification.
        Sonderforschungsbereich, vol. 386, 2004
    }
}

@misc{svm1992,
  note =
    {
        Bernhard E. Boser, Isabelle M. Guyon, Vladimir N. Vapnik.
        A Training Algorithm for Optimal Margin Classifiers.
        Proceedings of the fifth annual workshop on Computational learning theory, 1992
    }
}

@misc{unevenGridFingerprinting2015,
  note =
    {
        Yanan Han, Huan Ma, Lijun Zhang.
        An Efficient RF Fingerprint Positioning Algorithm Based on Uneven Grid Layout.
        6th International Conference on Wireless, Mobile and Multi-Media (ICWMMN), 2015
    }
}

@misc{wardriving2010,
  note =
    {
        Arvin Wen Tsui, Wei-Cheng Lin, Wei-Ju Chen, Polly Huang, Hao-Hua Chu.
        Accuracy Performance Analysis between War Driving and War Walking in Metropolitan Wi-Fi Localization.
        IEEE Transactions on Mobile Computing, vol. 9, 2010
    }
}

@misc{svr1997,
  note =
    {
        Harris Drucker, Chris J. C. Burges, Linda Kaufman, Alex Smola, Vladimir Vapnik.
        Support Vector Regression Machines.
        ADVANCES IN NEURAL INFORMATION PROCESSING SYSTEMS 9, Pags. 155--161, MIT Press, 1997
    }
}

@misc{gridResolutionImpact2011,
  note =
    {
        Marina Vuckovic, Ivan Petrovic, Deni Vidovic.
        Space Grid Resolution Impact on Accuracy of the Indoor Localization Fingerprinting.
        19th Telecommunications Forum (TELFOR), 2011
    }
}

@misc{svmSolvers2007,
  note =
    {
        Léon Bottou, Chih-jen Lin.
        Support vector machine solvers.
        Department of Computer Science - National Taiwan University, 2007
    }
}

@misc{scikitLearn,
  note =
    {
        F. Pedregosa,  G. Varoquaux, A. Gramfort, V. Michel, B. Thirion, O. Grisel, M. Blondel, P. Prettenhofer, R. Weiss, V. Dubourg, J. Veerplas, A. Passos, D. Cournapeau, M. Brucher, M. Perrot, E. Duchesnay.
        Scikit-learn: Machine Learning in Python.
        Journal of Machine Learning Research, vol. 12, 2011
    }
}

%------------------------------------
% TESES

@misc{teseRobson2014,
  note = 
    {
        Robson Dias Alves Timoteo. Uma Avaliação do Uso de Máquinas de Vetores de Suporte na Predição de Sinais de Rádio	Frequência em Redes Celulares. Tese de Mestrado, Centro de Informática - Universidade Federal de Pernambuco, 2014
    }
}

%------------------------------------
% SITES

@misc{applicationsSVM,
  note = 
    {
        SVM Application List. Disponível em http://www.clopinet.com/SVM.applications.html. Acessado em 25-06-2017
    }
}